<?xml version="1.0" encoding="UTF-8"?><record xmlns="http://www.loc.gov/MARC21/slim" xmlns:cinclude="http://apache.org/cocoon/include/1.0" xmlns:zs="http://www.loc.gov/zing/srw/">
  <leader>00605cz  a2200133n  4500</leader>
  <controlfield tag="001">no2008143447</controlfield>
  <controlfield tag="003">DLC</controlfield>
  <controlfield tag="005">20130326115636.0</controlfield>
  <controlfield tag="008">081001n| azannaabn          |n aaa     c</controlfield>
  <datafield tag="010" ind1=" " ind2=" ">
    <subfield code="a">no2008143447</subfield>
  </datafield>
  <datafield tag="035" ind1=" " ind2=" ">
    <subfield code="a">(OCoLC)oca07894823</subfield>
  </datafield>
  <datafield tag="040" ind1=" " ind2=" ">
    <subfield code="a">Wa</subfield>
    <subfield code="b">eng</subfield>
    <subfield code="e">rda</subfield>
    <subfield code="c">Wa</subfield>
    <subfield code="d">DLC</subfield>
  </datafield>
  <datafield tag="100" ind1="1" ind2=" ">
    <subfield code="a">Aarstad, J. S.</subfield>
    <subfield code="c">(Soil scientist)</subfield>
  </datafield>
  <datafield tag="670" ind1=" " ind2=" ">
    <subfield code="a">Effect of deep plowing on the physical characteristics of Hezel soil, [1972]:</subfield>
    <subfield code="b">p. [i] (J.S. Aarstad; soil scientist; Soil &amp; Water Conservation Research Div., Agricultural Research Service, USDA; stationed, Wash. St. Univ. Irrigated Agriculture Research &amp; Extension Center, Prosser, Wash.)</subfield>
  </datafield>
</record>